@inproceedings{PetrovicMikic2015,
author = {Petar Petrovi{\'c} and Mika Miki{\'c}},
title = {Nau{\v c}ni rad},
booktitle = {Konferencija iz matematike i ra{\v c}unarstva},
year = {2015},
editor = {Miloje Milojevi{\'c}},
language = {serbian},
hyphenation = {serbian}
}

@article{GuSh:243,
author = {Gurevich, Yuri and Shelah, Saharon},
ams-subject = {(05C80)},
fromwhere = {1,IL},
journal = {SIAM Journal on Computing},
review = {MR 88i:05162},
pages = {486--502},
title = {{Expected computation time for Hamiltonian path problem}},
volume = {16},
year = {1987},
language = {english},
hyphenation = {english}
}

%-------------------- SAJTOVI ------------------------------------------------------------

@misc{sajt:statistika,
title = {{Android Statistics (2022)}},
note = {on-line at: \url{https://www.businessofapps.com/data/android-statistics/}},
     author = {David Curry, BusinessOfApps},
     year = {2022}
}

@misc{sajt:androidDevelopers,
title = {{Android Developers}},
note = {on-line at: \url{https://developer.android.com/}},
     author = {Google LLC},
     year = {2022}
}


@misc{sajt:androidDevelopersArhitektura,
title = {{Android Developers Arhitektura}},
note = {on-line at: \url{https://developer.android.com/guide/platform}},
     author = {Google LLC},
     year = {2022}
}

@misc{sajt:manifest,
title = {{Android Manifest}},
note = {on-line at: \url{https://stuff.mit.edu/afs/sipb/project/android/docs/guide/topics/manifest/manifest-intro.html}},
    author = {MIT}
}

@misc{sajt:dalvik,
title = {{Dalvik VM}},
note = {on-line at: \url{https://source.android.com/devices/tech/dalvik}},
    author = {Google LLC},
    year={2020}
}

@misc{sajt:kotlin,
title = {{Kotlin programski jezik}},
note = {on-line at: \url{https://kotlinlang.org/docs/android-overview.html}},
    author = {Kotlin Foundation},
}


@misc{sajt:nsd,
title = {{Network Service Discovery}},
note = {on-line at: \url{https://developer.android.com/training/connect-devices-wirelessly/nsd}},
    author = {Google LLC},
}

@misc{sajt:datagram,
title = {{Datagram Packet}},
note = {on-line at: \url{https://developer.android.com/reference/java/net/DatagramPacket}},
    author = {Google LLC},
}


@misc{sajt:protobuf,
title = {{Protocol Buffers, proto3}},
note = {on-line at: \url{https://cloud.google.com/apis/design/proto3}},
    author = {Google LLC},
}

@misc{sajt:junit,
title = {{JUnit}},
note = {on-line at: \url{https://junit.org/junit5/}},
    author = {The JUnit Team},
}

@misc{sajt:mockito,
title = {{Mockito}},
note = {on-line at: \url{https://site.mockito.org/}},
    author = {Mockito org},
}
@misc{sajt:instrumentedT,
title = {{Instrumented tests}},
note = {on-line at: \url{https://developer.android.com/training/testing/instrumented-tests}},
    author = {Google LLC},
}
@misc{sajt:espresspT,
title = {{Espresso}},
note = {on-line at: \url{https://developer.android.com/training/testing/espresso}},
    author = {Google LLC},
}


@misc{sajt:googleCloudApis,
title = {{Google Cloud Apis}},
note = {on-line at: \url{https://cloud.google.com/apis/docs/overview#about_cloud_apis}},
    author = {Google LLC},
}

@misc{sajt:googleMaps,
title = {{Platforma Google Maps}},
note = {on-line at: \url{https://mapsplatform.google.com/}},
    author = {Google LLC},
}

@misc{sajt:youtubeApis,
title = {{YouTube API}},
note = {on-line at: \url{https://developers.google.com/youtube/v3}},
    author = {Google LLC},
}

@misc{sajt:googleAds,
title = {{Google Ads API}},
note = {on-line at: \url{https://ads.google.com/intl/sr_rs/getstarted/}},
    author = {Google LLC},
}

@misc{sajt:googleApiSpisak,
title = {{Spisak dostupnih Google API-ja}},
note = {on-line at: \url{https://developers.google.com/apis-explorer}},
    author = {Google LLC},
}

@misc{sajt:googleConsole,
title = {{Google Cloud Console}},
note = {on-line at: \url{https://cloud.google.com/speech-to-text/docs/ui-overview}},
    author = {Google LLC},
}



@misc{sajt:googleSTT,
title = {{Google Cloud Speech-To-Text API}},
note = {on-line at: \url{https://cloud.google.com/speech-to-text}},
    author = {Google LLC},
}


@misc{sajt:grpc,
title = {{gRPC}},
note = {on-line at: \url{https://grpc.io/about/}},
    author = {gRPC Authors},
}


@misc{sajt:protobufDev,
title = {{Protocol Buffer}},
note = {on-line at: \url{https://protobuf.dev/}},
    author = {Google LLC},
}


@misc{sajt:protoc,
title = {{Protoc}},
note = {on-line at: \url{https://grpc.io/docs/protoc-installation/}},
    author = {gRPC Authors},
}


@misc{sajt:daljiskiApk,
title = {{Instalaciona datoteka}},
note = {on-line at: \url{https://drive.google.com/file/d/1gBlfRibn4jrFDe3TTBCsHUq9MDowEBty/view?usp=drive_link}},
}

@misc{sajt:googleApisGit,
title = {{Google APIs Github repozitorijum}},
note = {on-line at: \url{https://github.com/googleapis/googleapis/tree/master/google/cloud/speech}},
author =  {Google LLC}
}

@misc{sajt:remoteApp,
title = {{Implementacija aplikacije Daljinski za digitalnu televiziju}},
note = {on-line at: \url{https://github.com/tasjenka7/master_rad/tree/main/RemoteControlApp}},
}


%------------------------------KNJIGE --------------------------------------------

 
@book{book:meier, 
 title={Professional android 2 application development}, 
 publisher={Wiley}, 
 author={Meier, Reto}, 
 year={2010},
 isbn = {9780470565520}
} 

@book{book:mzivkovic, 
 title={Razvoj mobilnih aplikacija, Android Java programiranje}, 
 publisher={Univerzitet Singidunum}, 
 author={Miodrag Živković}, 
 year={2020},
 isbn = {9788679127198}
}

@book{book:and9cookbook, 
 title={Android 9 Development Cookbook, Third Edition}, 
 publisher={Packt}, 
 author={Rick Boyer}, 
 year={2018},
 isbn = {9781788991216}
}

@book{book:horton, 
 title={Android Programming for Beginners}, 
 publisher={Packt}, 
 author={John Horton}, 
 year={2015},
 isbn = {9781785883262}
}

@book{book:oreillycookbook, 
 title={Android Cookbook, Second Edition}, 
 publisher={O'Reilly}, 
 author={Ian F. Darwin}, 
 year={2017},
 isbn = {9781449374433}
}

@book{book:hellman, 
 title={Android Programming, Pushing the Limits}, 
 publisher={Wiley}, 
 author={Erik Hellman}, 
 year={2014},
 isbn = {9781118717301}
}

@book{book:krajci, 
 title={Android on x86, An Introduction to Optimiying for Intel Architecture}, 
 publisher={Apress}, 
 author={Iggy Krajci, Darren Cummings}, 
 year={2013},
 isbn = {9781430261315}
}

@book{book:papp,
    title={Projektovanje i arhitekture softverskih sistema: Sistemi zasnovani na Androidu},
    publisher={FTN Izdavaštvo},
    author={Ištvan Papp, Nemanja Lukić},
    year={2015}
}

@book{book:testiranjeRigorousSoftwareDev,
  author = {Almeida, José Bacelar and Frade, Maria João and Pinto, Jorge Sousa and de Sousa, Simão Melo},
  publisher = {Springer},
  title = {Rigorous Software Development - An Introduction to Program Verification.},
  year = 2011,
isbn = {9780857290175}
}


